@software{cplex_129,
  author = {{IBM Corp.}},
  title = {CPLEX},
  note = {\url{https://www.ibm.com/products/ilog-cplex-optimization-studio}},
  version = {12.9},
  date = {2019-09-30},
}

@article{furini:2016,
	title = {Modeling {Two}-{Dimensional} {Guillotine} {Cutting} {Problems} via {Integer} {Programming}},
	volume = {28},
	issn = {1091-9856},
	url = {https://pubsonline.informs.org/doi/abs/10.1287/ijoc.2016.0710},
	doi = {10.1287/ijoc.2016.0710},
	number = {4},
	urldate = {2019-02-28},
	journal = {INFORMS Journal on Computing},
	author = {Furini, Fabio and Malaguti, Enrico and Thomopulos, Dimitri},
	month = oct,
	year = {2016},
	pages = {736--751}
}

@article{nicos:1977,
	title = {An {Algorithm} for {Two}-{Dimensional} {Cutting} {Problems}},
	volume = {25},
	issn = {0030-364X},
	url = {https://pubsonline.informs.org/doi/abs/10.1287/opre.25.1.30},
	doi = {10.1287/opre.25.1.30},
	number = {1},
	urldate = {2019-06-22},
	journal = {Operations Research},
	author = {Christofides, Nicos and Whitlock, Charles},
	month = feb,
	year = {1977},
	pages = {30--44}
}

@article{velasco:2019,
	title = {Improved state space relaxation for constrained two-dimensional guillotine cutting problems},
	volume = {272},
	issn = {0377-2217},
	url = {http://www.sciencedirect.com/science/article/pii/S0377221718305393},
	doi = {10.1016/j.ejor.2018.06.016},
	number = {1},
	urldate = {2019-03-01},
	journal = {European Journal of Operational Research},
	author = {Velasco, Andr√© Soares and Uchoa, Eduardo},
	month = jan,
	year = {2019},
	keywords = {Cutting, Dynamic programming, Integer programming},
	pages = {106--120}
}

@article{messaoud:2018,
	title = {Characterization and modelling of guillotine constraints},
	volume = {191},
	issn = {0377-2217},
	url = {http://www.sciencedirect.com/science/article/pii/S0377221707009083},
	doi = {10.1016/j.ejor.2007.08.029},
	number = {1},
	urldate = {2019-03-26},
	journal = {European Journal of Operational Research},
	author = {Ben Messaoud, Said and Chu, Chengbin and Espinouse, Marie-Laure},
	month = nov,
	year = {2008},
	keywords = {Cutting stock, Guillotine pattern, Mixed integer programming},
	pages = {112--126}
}

