@article{silva:2014,
  title = {{2DCPackGen}: {A} problem generator for two-dimensional rectangular cutting and packing problems},
  volume = {237},
  issn = {0377-2217},
  shorttitle = {{2DCPackGen}},
  url = {http://www.sciencedirect.com/science/article/pii/S0377221714002112},
  doi = {10.1016/j.ejor.2014.02.059},
  language = {en},
  number = {3},
  urldate = {2020-10-21},
  journal = {European Journal of Operational Research},
  author = {Silva, Elsa and Oliveira, José F. and Wäscher, Gerhard},
  month = sep,
  year = {2014},
  keywords = {Cutting and packing, Problem generator, Two-dimensional rectangular cutting},
  pages = {846--856},
}

@article{boschetti:2002,
  title = {New upper bounds for the two‐dimensional orthogonal non‐guillotine cutting stock problem},
  volume = {13},
  issn = {1471-678X},
  url = {https://academic.oup.com/imaman/article/13/2/95/686191},
  doi = {10.1093/imaman/13.2.95},
  language = {en},
  number = {2},
  urldate = {2020-08-20},
  journal = {IMA Journal of Management Mathematics},
  author = {Boschetti, Marco A. and Mingozzi, Aristide and Hadjiconstantinou, Eleni},
  month = apr,
  year = {2002},
  pages = {95--119}
}

@article{alvarez:2009,
  title = {A branch and bound algorithm for the strip packing problem},
  volume = {31},
  issn = {1436-6304},
  url = {https://doi.org/10.1007/s00291-008-0128-5},
  doi = {10.1007/s00291-008-0128-5},
  language = {en},
  number = {2},
  urldate = {2020-08-19},
  journal = {OR Spectrum},
  author = {Alvarez-Valdes, R. and Parre{\~n}o, F. and Tamarit, J. M.},
  month = apr,
  year = {2009},
  pages = {431--459}
}

@software{cplex_129,
  author = {{IBM Corp.}},
  title = {CPLEX},
  note = {\url{https://www.ibm.com/products/ilog-cplex-optimization-studio}},
  version = {12.9},
  date = {2019-09-30},
}

@misc{gurobi,
  author = "Gurobi Optimization, LLC",
  title = "Gurobi Optimizer Reference Manual",
  year = 2020,
  url = "http://www.gurobi.com"
}

@article{furini:2016,
  title = {Modeling {Two}-{Dimensional} {Guillotine} {Cutting} {Problems} via {Integer} {Programming}},
  volume = {28},
  issn = {1091-9856},
  url = {https://pubsonline.informs.org/doi/abs/10.1287/ijoc.2016.0710},
  doi = {10.1287/ijoc.2016.0710},
  number = {4},
  urldate = {2019-02-28},
  journal = {INFORMS Journal on Computing},
  author = {Furini, Fabio and Malaguti, Enrico and Thomopulos, Dimitri},
  month = oct,
  year = {2016},
  pages = {736--751}
}
@article{herz:1972,
  author={J. C. {Herz}},
  journal={IBM Journal of Research and Development},
  title={Recursive Computational Procedure for Two-dimensional Stock Cutting},
  year={1972},
  volume={16},
  number={5},
  pages={462-469}
}

@article{velasco:2019,
  title = {Improved state space relaxation for constrained two-dimensional guillotine cutting problems},
  volume = {272},
  issn = {0377-2217},
  url = {http://www.sciencedirect.com/science/article/pii/S0377221718305393},
  doi = {10.1016/j.ejor.2018.06.016},
  number = {1},
  urldate = {2019-03-01},
  journal = {European Journal of Operational Research},
  author = {Velasco, André Soares and Uchoa, Eduardo},
  month = jan,
  year = {2019},
  keywords = {Cutting, Dynamic programming, Integer programming},
  pages = {106--120}
}

@article{messaoud:2008,
  title = {Characterization and modelling of guillotine constraints},
  volume = {191},
  issn = {0377-2217},
  url = {http://www.sciencedirect.com/science/article/pii/S0377221707009083},
  doi = {10.1016/j.ejor.2007.08.029},
  number = {1},
  urldate = {2019-03-26},
  journal = {European Journal of Operational Research},
  author = {Ben Messaoud, Said and Chu, Chengbin and Espinouse, Marie-Laure},
  month = nov,
  year = {2008},
  keywords = {Cutting stock, Guillotine pattern, Mixed integer programming},
  pages = {112--126}
}

@phdthesis{dimitri_thesis,
  year = {2016},
  month = may,
  title = {Models and Solutions of Resource Allocation Problems based on Integer Linear and Nonlinear Programming},
  author = {Dimitri Thomopulos},
  school = {University of Bologna},
  url = {http://amsdottorato.unibo.it/7399/}
}

@article{JuMP,
  author = {Iain Dunning and Joey Huchette and Miles Lubin},
  title = {JuMP: A Modeling Language for Mathematical Optimization},
  journal = {SIAM Review},
  volume = {59},
  number = {2},
  pages = {295-320},
  year = {2017},
  doi = {10.1137/15M1020575},
}

@article{julia,
  author = {Bezanson, Jeff. and Edelman, Alan. and Karpinski, Stefan. and Shah, Viral B.},
  title = {Julia: A Fresh Approach to Numerical Computing},
  journal = {SIAM Review},
  volume = {59},
  number = {1},
  pages = {65-98},
  year = {2017},
  doi = {10.1137/141000671},
  URL = {https://doi.org/10.1137/141000671},
  eprint = {https://doi.org/10.1137/141000671}
}


@article{russo:2020,
  title = {Constrained two-dimensional guillotine cutting problem: upper-bound review and categorization},
  volume = {27},
  copyright = {© 2019 The Authors. International Transactions in Operational Research © 2019 International Federation of Operational Research Societies},
  issn = {1475-3995},
  shorttitle = {Constrained two-dimensional guillotine cutting problem},
  url = {https://onlinelibrary.wiley.com/doi/abs/10.1111/itor.12687},
  doi = {10.1111/itor.12687},
  language = {en},
  number = {2},
  urldate = {2020-08-28},
  journal = {International Transactions in Operational Research},
  author = {Russo, Mauro and Boccia, Maurizio and Sforza, Antonio and Sterle, Claudio},
  year = {2020},
  keywords = {combinatorial optimization, integer programming, bounding strategies, cutting problems, cutting stock, literature review, upper-bound categorization},
  pages = {794--834}
}

@article{beasley:1985:guillotine,
  title = {Algorithms for {Unconstrained} {Two}-{Dimensional} {Guillotine} {Cutting}},
  volume = {36},
  issn = {0160-5682},
  url = {https://doi.org/10.1057/jors.1985.51},
  doi = {10.1057/jors.1985.51},
  number = {4},
  urldate = {2020-09-08},
  journal = {Journal of the Operational Research Society},
  author = {Beasley, J. E.},
  month = apr,
  year = {1985},
  keywords = {dynamic programming, cutting, heuristic},
  pages = {297--306},
}


@article{beasley:1985:nonguillotine,
  title = {An {Exact} {Two}-{Dimensional} {Non}-{Guillotine} {Cutting} {Tree} {Search} {Procedure}},
  volume = {33},
  issn = {0030-364X},
  url = {https://pubsonline.informs.org/doi/abs/10.1287/opre.33.1.49},
  doi = {10.1287/opre.33.1.49},
  number = {1},
  urldate = {2020-10-20},
  journal = {Operations Research},
  author = {Beasley, J. E.},
  month = feb,
  year = {1985},
  pages = {49--64}
}


@article{iori:2020,
  title = {Exact {Solution} {Techniques} for {Two}-dimensional {Cutting} and {Packing}},
  issn = {03772217},
  url = {http://arxiv.org/abs/2004.12619},
  doi = {10.1016/j.ejor.2020.06.050},
  urldate = {2020-08-18},
  journal = {European Journal of Operational Research},
  author = {Iori, Manuel and de Lima, Vinícius L. and Martello, Silvano and Miyazawa, Flávio K. and Monaci, Michele},
  month = jul,
  year = {2020},
  note = {arXiv: 2004.12619},
  keywords = {Mathematics - Optimization and Control, Mathematics - Combinatorics},
  pages = {S0377221720306111}
}

@article{clautiaux:2019,
  title = {Pattern-based diving heuristics for a two-dimensional guillotine cutting-stock problem with leftovers},
  volume = {7},
  issn = {2192-4414},
  url = {https://doi.org/10.1007/s13675-019-00113-9},
  doi = {10.1007/s13675-019-00113-9},
  language = {en},
  number = {3},
  urldate = {2020-08-28},
  journal = {EURO Journal on Computational Optimization},
  author = {Clautiaux, François and Sadykov, Ruslan and Vanderbeck, François and Viaud, Quentin},
  month = sep,
  year = {2019},
  pages = {265--297}
}


@article{lodi:2003,
  title = {Integer linear programming models for 2-staged two-dimensional {Knapsack} problems},
  volume = {94},
  issn = {1436-4646},
  url = {https://doi.org/10.1007/s10107-002-0319-9},
  doi = {10.1007/s10107-002-0319-9},
  language = {en},
  number = {2},
  urldate = {2019-03-26},
  journal = {Mathematical Programming},
  author = {Lodi, Andrea and Monaci, Michele},
  month = jan,
  year = {2003},
  keywords = {Integer Linear Program, Knapsack Problem, Linear Inequality, Program Model, Rectangular Shape},
  pages = {257--278}
}

@phdthesis{belov_thesis:2003,
  author = {Gleb Belov},
  year = {2003},
  month = jan,
  title = {Problems, Models and Algorithms in One- and Two-Dimensional Cutting},
  school = {University of G\"{o}ttingen},
  url = {http://webdoc.sub.gwdg.de/ebook/dissts/Dresden/Belov2004.pdf}
}

@article{pisinger:2007,
  title = {Using {Decomposition} {Techniques} and {Constraint} {Programming} for {Solving} the {Two}-{Dimensional} {Bin}-{Packing} {Problem}},
  volume = {19},
  issn = {1091-9856},
  url = {https://pubsonline.informs.org/doi/abs/10.1287/ijoc.1060.0181},
  doi = {10.1287/ijoc.1060.0181},
  number = {1},
  urldate = {2019-03-26},
  journal = {INFORMS Journal on Computing},
  author = {Pisinger, David and Sigurd, Mikkel},
  month = feb,
  year = {2007},
  pages = {36--51}
}

@article{delorme:2019,
  title = {Enhanced {Pseudo}-polynomial {Formulations} for {Bin} {Packing} and {Cutting} {Stock} {Problems}},
  volume = {32},
  issn = {1091-9856},
  url = {https://pubsonline.informs.org/doi/abs/10.1287/ijoc.2018.0880},
  doi = {10.1287/ijoc.2018.0880},
  number = {1},
  urldate = {2020-08-28},
  journal = {INFORMS Journal on Computing},
  author = {Delorme, Maxence and Iori, Manuel},
  month = jul,
  year = {2019},
  pages = {101--119}
}

@article{martin:2020:models,
  title = {Models for the two-dimensional rectangular single large placement problem with guillotine cuts and constrained pattern},
  volume = {27},
  copyright = {© 2019 The Authors. International Transactions in Operational Research © 2019 International Federation of Operational Research Societies},
  issn = {1475-3995},
  url = {https://onlinelibrary.wiley.com/doi/abs/10.1111/itor.12703},
  doi = {10.1111/itor.12703},
  language = {en},
  number = {2},
  urldate = {2019-11-08},
  journal = {International Transactions in Operational Research},
  author = {Martin, Mateus and Birgin, Ernesto G. and Lobato, Rafael D. and Morabito, Reinaldo and Munari, Pedro},
  year = {2020},
  keywords = {branch-and-Benders-cut algorithm, constrained two-dimensional guillotine cuts, cutting and packing problems, integer programming models},
  pages = {767--793}
}

@article{martin:2020:bottom,
  title = {A bottom-up packing approach for modeling the constrained two-dimensional guillotine placement problem},
  volume = {115},
  issn = {0305-0548},
  url = {http://www.sciencedirect.com/science/article/pii/S030505481930293X},
  doi = {10.1016/j.cor.2019.104851},
  language = {en},
  urldate = {2019-12-16},
  journal = {Computers \& Operations Research},
  author = {Martin, Mateus and Morabito, Reinaldo and Munari, Pedro},
  month = mar,
  year = {2020},
  keywords = {Bottom-up packing, Constrained two-dimensional cutting, Cutting \& packing problems, Mixed integer linear programming, Non-staged and staged guillotine cuts}
}

@article{martin:2020:top,
  title = {A top-down cutting approach for modeling the constrained two- and three-dimensional guillotine cutting problems},
  volume = {0},
  issn = {0160-5682},
  url = {https://doi.org/10.1080/01605682.2020.1813640},
  doi = {10.1080/01605682.2020.1813640},
  number = {0},
  urldate = {2020-09-21},
  journal = {Journal of the Operational Research Society},
  author = {Martin, Mateus and Morabito, Reinaldo and Munari, Pedro},
  month = sep,
  year = {2020},
  keywords = {2D and 3D guillotine cutting, Cutting and packing, mixed-integer linear programming models, non-staged patterns, top-down cutting},
  pages = {1--15}
}


@article{cw:1977,
  title = {An {Algorithm} for {Two}-{Dimensional} {Cutting} {Problems}},
  volume = {25},
  issn = {0030-364X},
  url = {https://pubsonline.informs.org/doi/abs/10.1287/opre.25.1.30},
  doi = {10.1287/opre.25.1.30},
  number = {1},
  urldate = {2019-06-22},
  journal = {Operations Research},
  author = {Christofides, Nicos and Whitlock, Charles},
  month = feb,
  year = {1977},
  pages = {30--44}
}


@article{cote:2018,
  title = {The {Meet}-in-the-{Middle} {Principle} for {Cutting} and {Packing} {Problems}},
  volume = {30},
  issn = {1091-9856},
  url = {https://pubsonline.informs.org/doi/abs/10.1287/ijoc.2018.0806},
  doi = {10.1287/ijoc.2018.0806},
  number = {4},
  urldate = {2020-08-25},
  journal = {INFORMS Journal on Computing},
  author = {C{\^o}t{\'e}, Jean-François and Iori, Manuel},
  month = nov,
  year = {2018},
  pages = {646--661}
}

@report{terno:1987,
  title={Zuschnittprobleme und ihre praktische L\"{o}sung},
  author={Terno, Johannes and Lindemann, Rudolf and Scheithauer, Guntram},
  year={1987},
  publisher={VEB Fachbuchverlag}
}

@article{guntram:1966,
  author = {Guntram Scheithauer and Johannes Terno},
  title = {The G4-Heuristic for the Pallet Loading Problem},
  journal = {Journal of the Operational Research Society},
  volume = {47},
  number = {4},
  pages = {511-522},
  year  = {1996},
  publisher = {Taylor \& Francis},
  doi = {10.1057/jors.1996.57},
  URL = {https://doi.org/10.1057/jors.1996.57},
  eprint = {https://doi.org/10.1057/jors.1996.57}
}


@article{dolatabadi:2012,
  series = {Special {Issue} on {Knapsack} {Problems} and {Applications}},
  title = {Exact algorithms for the two-dimensional guillotine knapsack},
  volume = {39},
  issn = {0305-0548},
  url = {http://www.sciencedirect.com/science/article/pii/S0305054811000190},
  doi = {10.1016/j.cor.2010.12.018},
  number = {1},
  urldate = {2019-03-26},
  journal = {Computers \& Operations Research},
  author = {Dolatabadi, Mohammad and Lodi, Andrea and Monaci, Michele},
  month = jan,
  year = {2012},
  keywords = {Exact algorithm, Guillotine packing, Two-dimensional knapsack},
  pages = {48--53}
}


@article{song:2010,
  title = {A worst case analysis of a dynamic programming-based heuristic algorithm for {2D} unconstrained guillotine cutting},
  volume = {202},
  issn = {0377-2217},
  url = {http://www.sciencedirect.com/science/article/pii/S0377221709003944},
  doi = {10.1016/j.ejor.2009.05.047},
  number = {2},
  urldate = {2019-08-21},
  journal = {European Journal of Operational Research},
  author = {Song, X. and Chu, C. B. and Lewis, R. and Nie, Y. Y. and Thompson, J.},
  month = apr,
  year = {2010},
  keywords = {Heuristic, Dynamic programming, 2D cutting},
  pages = {368--378}
}


@article{hifi:2001,
  title = {Approximate and {Exact} {Algorithms} for {Constrained} ({Un}) {Weighted} {Two}-dimensional {Two}-staged {Cutting} {Stock} {Problems}},
  volume = {5},
  issn = {1573-2886},
  url = {https://doi.org/10.1023/A:1011628809603},
  doi = {10.1023/A:1011628809603},
  language = {en},
  number = {4},
  urldate = {2020-10-19},
  journal = {Journal of Combinatorial Optimization},
  author = {Hifi, Mhand and Roucairol, Catherine},
  month = dec,
  year = {2001},
  pages = {465--494}
}


@article{wang:1983,
  title = {Two {Algorithms} for {Constrained} {Two}-{Dimensional} {Cutting} {Stock} {Problems}},
  copyright = {© 1983 INFORMS},
  url = {https://pubsonline.informs.org/doi/abs/10.1287/opre.31.3.573},
  doi = {10.1287/opre.31.3.573},
  language = {en},
  urldate = {2020-05-29},
  journal = {Operations Research},
  author = {Wang, P. Y.},
  month = jun,
  year = {1983},
}

@inproceedings{fekete:1997,
  address = {Berlin, Heidelberg},
  series = {Lecture {Notes} in {Computer} {Science}},
  title = {A new exact algorithm for general orthogonal d-dimensional knapsack problems},
  isbn = {978-3-540-69536-3},
  doi = {10.1007/3-540-63397-9_12},
  language = {en},
  booktitle = {Algorithms — {ESA} '97},
  publisher = {Springer},
  author = {Fekete, Sándor P. and Schepers, Jörg},
  editor = {Burkard, Rainer and Woeginger, Gerhard},
  year = {1997},
  keywords = {Knapsack Problem, Exact Algorithm, Interval Graph, Packing Pattern, Tree Search Algorithm},
  pages = {144--156},
}

@article{martello:1998,
  title = {Exact {Solution} of the {Two}-{Dimensional} {Finite} {Bin} {Packing} {Problem}},
  volume = {44},
  issn = {0025-1909},
  url = {https://pubsonline.informs.org/doi/abs/10.1287/mnsc.44.3.388},
  doi = {10.1287/mnsc.44.3.388},
  number = {3},
  urldate = {2020-10-20},
  journal = {Management Science},
  author = {Martello, Silvano and Vigo, Daniele},
  month = mar,
  year = {1998},
  pages = {388--399}
}

@article{berkey:1987,
  title = {Two-{Dimensional} {Finite} {Bin}-{Packing} {Algorithms}},
  volume = {38},
  issn = {1476-9360},
  url = {https://doi.org/10.1057/jors.1987.70},
  doi = {10.1057/jors.1987.70},
  language = {en},
  number = {5},
  urldate = {2020-10-20},
  journal = {Journal of the Operational Research Society},
  author = {Berkey, J. O. and Wang, P. Y.},
  month = may,
  year = {1987},
  pages = {423--429}
}


@article{oliveira:1990,
  series = {Cutting and {Packing}},
  title = {An improved version of {Wang}'s algorithm for two-dimensional cutting problems},
  volume = {44},
  issn = {0377-2217},
  url = {http://www.sciencedirect.com/science/article/pii/037722179090361E},
  doi = {10.1016/0377-2217(90)90361-E},
  language = {en},
  number = {2},
  urldate = {2020-10-21},
  journal = {European Journal of Operational Research},
  author = {Oliveira, José Fernando and Ferreira, José Soeiro},
  month = jan,
  year = {1990},
  keywords = {optimization, performance, Two-dimensional cutting},
  pages = {256--266}
}


@article{fayard:1998,
  title = {An efficient approach for large-scale two-dimensional guillotine cutting stock problems},
  volume = {49},
  issn = {1476-9360},
  url = {https://doi.org/10.1057/palgrave.jors.2600638},
  doi = {10.1057/palgrave.jors.2600638},
  language = {en},
  number = {12},
  urldate = {2019-05-23},
  journal = {Journal of the Operational Research Society},
  author = {Fayard, D. and Hifi, M. and Zissimopoulos, V.},
  month = dec,
  year = {1998},
  keywords = {heuristics, combinatorial optimisation, cutting problem, dynamic programming, knapsack problem},
  pages = {1270--1277},
}

@article{hifi:1997,
  title = {An improvement of viswanathan and bagchi's exact algorithm for constrained two-dimensional cutting stock},
  volume = {24},
  issn = {0305-0548},
  url = {http://www.sciencedirect.com/science/article/pii/S0305054896000950},
  doi = {10.1016/S0305-0548(96)00095-0},
  language = {en},
  number = {8},
  urldate = {2020-10-28},
  journal = {Computers \& Operations Research},
  author = {Hifi, Mhand},
  month = aug,
  year = {1997},
  pages = {727--736}
}

@article{cung:2000,
  title = {Constrained two-dimensional cutting stock problems a best-first branch-and-bound algorithm},
  volume = {7},
  issn = {1475-3995},
  url = {https://onlinelibrary.wiley.com/doi/abs/10.1111/j.1475-3995.2000.tb00194.x},
  doi = {10.1111/j.1475-3995.2000.tb00194.x},
  language = {en},
  number = {3},
  urldate = {2020-10-28},
  journal = {International Transactions in Operational Research},
  author = {Cung, V.-D. and Hifi, M. and Cun, B. Le},
  year = {2000},
  keywords = {Combinatorial optimization, Cutting stock, Dynamic programming, Heuristics, Knapsacks, Optimization},
  pages = {185--210}
}

@inproceedings{tschoke:1995,
  address = {Berlin, Heidelberg},
  series = {Lecture {Notes} in {Computer} {Science}},
  title = {A new parallel approach to the constrained two-dimensional cutting stock problem},
  isbn = {978-3-540-44915-7},
  doi = {10.1007/3-540-60321-2_24},
  language = {en},
  booktitle = {Parallel {Algorithms} for {Irregularly} {Structured} {Problems}},
  publisher = {Springer},
  author = {Tsch{\"o}ke, Stefan and Holth{\"o}fer, Norbert},
  editor = {Ferreira, Afonso and Rolim, José},
  year = {1995},
  keywords = {combinatorial optimization, parallel branch-and-bound, two-dimensional cutting},
  pages = {285--300}
}

@article{alvarez:2002:tabu,
  title = {A tabu search algorithm for large-scale guillotine (un)constrained two-dimensional cutting problems},
  volume = {29},
  issn = {0305-0548},
  url = {http://www.sciencedirect.com/science/article/pii/S0305054800000952},
  doi = {10.1016/S0305-0548(00)00095-2},
  language = {en},
  number = {7},
  urldate = {2020-10-21},
  journal = {Computers \& Operations Research},
  author = {Alvarez-Vald{\'e}s, Ram{\'o}n and Paraj{\'o}n, Antonio and Tamarit, Jos{\'e} Manuel},
  month = jun,
  year = {2002},
  keywords = {GRASP, Heuristics, Tabu search, Cutting stock problem, Knapsack problem, Path relinking},
  pages = {925--947}
}

@article{nicos:1995:hadji_orthogonal,
  title = {An exact algorithm for orthogonal 2-{D} cutting problems using guillotine cuts},
  volume = {83},
  issn = {0377-2217},
  url = {http://www.sciencedirect.com/science/article/pii/0377221793E02775},
  doi = {10.1016/0377-2217(93)E0277-5},
  language = {en},
  number = {1},
  urldate = {2020-11-04},
  journal = {European Journal of Operational Research},
  author = {Christofides, Nicos and Hadjiconstantinou, Eleni},
  month = may,
  year = {1995},
  keywords = {Optimization, Dynamic programming, Two-dimensional cutting stock problem},
  pages = {21--38}
}

@inproceedings{bansal:2009,
  address = {Berlin, Heidelberg},
  series = {Lecture {Notes} in {Computer} {Science}},
  title = {A {Structural} {Lemma} in 2-{Dimensional} {Packing}, and {Its} {Implications} on {Approximability}},
  isbn = {978-3-642-10631-6},
  doi = {10.1007/978-3-642-10631-6_10},
  language = {en},
  booktitle = {Algorithms and {Computation}},
  publisher = {Springer},
  author = {Bansal, Nikhil and Caprara, Alberto and Jansen, Klaus and Prädel, Lars and Sviridenko, Maxim},
  editor = {Dong, Yingfei and Du, Ding-Zhu and Ibarra, Oscar},
  year = {2009},
  pages = {77--86}
}


@article{nascimento:2019,
  title = {A {MIP}-{CP} based approach for two- and three-dimensional cutting problems with staged guillotine cuts},
  issn = {1572-9338},
  url = {https://doi.org/10.1007/s10479-019-03466-x},
  doi = {10.1007/s10479-019-03466-x},
  language = {en},
  urldate = {2020-09-01},
  journal = {Annals of Operations Research},
  author = {do Nascimento, Oliviana Xavier and de Queiroz, Thiago Alves and Junqueira, Leonardo},
  month = nov,
  year = {2019}
}


@article{gg:1965,
  title = {Multistage {Cutting} {Stock} {Problems} of {Two} and {More} {Dimensions}},
  volume = {13},
  issn = {0030-364X},
  url = {https://pubsonline.informs.org/doi/abs/10.1287/opre.13.1.94},
  doi = {10.1287/opre.13.1.94},
  number = {1},
  urldate = {2020-11-07},
  journal = {Operations Research},
  author = {Gilmore, P. C. and Gomory, R. E.},
  month = feb,
  year = {1965},
  pages = {94--120}
}

@article{russo:2014,
  title = {An exact dynamic programming algorithm for large-scale unconstrained two-dimensional guillotine cutting problems},
  volume = {50},
  issn = {0305-0548},
  url = {http://www.sciencedirect.com/science/article/pii/S0305054814000847},
  doi = {10.1016/j.cor.2014.04.001},
  language = {en},
  urldate = {2020-11-07},
  journal = {Computers \& Operations Research},
  author = {Russo, Mauro and Sforza, Antonio and Sterle, Claudio},
  month = oct,
  year = {2014},
  keywords = {Dynamic programming, Guillotine cutting, Knapsack function},
  pages = {97--114}
}


@article{kang:2011,
  title = {An improved best-first branch-and-bound algorithm for unconstrained two-dimensional cutting problems},
  volume = {49},
  issn = {0020-7543},
  url = {https://doi.org/10.1080/00207543.2010.493535},
  doi = {10.1080/00207543.2010.493535},
  number = {15},
  urldate = {2020-11-08},
  journal = {International Journal of Production Research},
  author = {Kang, M. and Yoon, K.},
  month = aug,
  year = {2011},
  keywords = {branch-and-bound, optimisation, two-dimensional cutting problem},
  pages = {4437--4455}
}


@article{ortmann:2010,
  title = {Modifed strip packing heuristics for the rectangular variable-sized bin packing problem},
  volume = {26},
  copyright = {Copyright (c)},
  issn = {0529-191-X},
  url = {https://www.ajol.info/index.php/orion/article/view/57310},
  language = {en},
  number = {1},
  urldate = {2020-11-02},
  journal = {ORiON},
  author = {Ortmann, F. G. and Vuuren, JH van},
  year = {2010},
  keywords = {heuristics., Packing problems}
}


@article{nicos:1995:ssr,
  title = {An exact algorithm for orthogonal 2-{D} cutting problems using guillotine cuts},
  volume = {83},
  issn = {0377-2217},
  url = {http://www.sciencedirect.com/science/article/pii/0377221793E02775},
  doi = {10.1016/0377-2217(93)E0277-5},
  language = {en},
  number = {1},
  urldate = {2020-11-04},
  journal = {European Journal of Operational Research},
  author = {Christofides, Nicos and Hadjiconstantinou, Eleni},
  month = may,
  year = {1995},
  keywords = {Optimization, Dynamic programming, Two-dimensional cutting stock problem},
  pages = {21--38}
}


@article{morabito:2010,
  title = {A heuristic approach based on dynamic programming and and/or-graph search for the constrained two-dimensional guillotine cutting problem},
  volume = {179},
  issn = {1572-9338},
  url = {https://doi.org/10.1007/s10479-008-0457-4},
  doi = {10.1007/s10479-008-0457-4},
  language = {en},
  number = {1},
  urldate = {2019-03-26},
  journal = {Annals of Operations Research},
  author = {Morabito, Reinaldo and Pureza, Vitória},
  month = sep,
  year = {2010},
  keywords = {Heuristics, And/or-graph search, Constrained two-dimensional guillotine cutting patterns, Cutting and packing problems, Dynamic programming},
  pages = {297--315}
}


@inproceedings{abed:2015,
  title = {On {Guillotine} {Cutting} {Sequences}},
  copyright = {terms-of-use},
  isbn = {978-3-939897-89-7},
  url = {https://kops.uni-konstanz.de/handle/123456789/33469},
  doi = {10.4230/LIPIcs.APPROX-RANDOM.2015.1},
  language = {eng},
  urldate = {2020-11-05},
  author = {Abed, Fidaa and Chalermsook, Parinya and Correa, José and Karrenbauer, Andreas and Pérez-Lantero, Pablo and Soto, José A. and Wiese, Andreas},
  year = {2015},
  pages = {1--19}
}


@incollection{anna:2015:quasi,
  series = {Proceedings},
  title = {A quasi-{PTAS} for the {Two}-{Dimensional} {Geometric} {Knapsack} {Problem}},
  isbn = {978-1-61197-374-7},
  url = {https://epubs.siam.org/doi/abs/10.1137/1.9781611973730.98},
  urldate = {2020-11-08},
  booktitle = {Proceedings of the 2015 {Annual} {ACM}-{SIAM} {Symposium} on {Discrete} {Algorithms}},
  publisher = {Society for Industrial and Applied Mathematics},
  author = {Adamaszek, Anna and Wiese, Andreas},
  month = dec,
  year = {2014},
  doi = {10.1137/1.9781611973730.98},
  pages = {1491--1505}
}


@inproceedings{bansal:2005,
  title = {A tale of two dimensional bin packing},
  doi = {10.1109/SFCS.2005.10},
  booktitle = {46th {Annual} {IEEE} {Symposium} on {Foundations} of {Computer} {Science} ({FOCS}'05)},
  author = {Bansal, N. and Lodi, A. and Sviridenko, M.},
  month = oct,
  year = {2005},
  keywords = {Computer science, bin packing, 2D bin packing, APX-Hard, asymptotic polynomial time approximation, Chromium, computational complexity, edge-to-edge cuts, guillotine 2BP problem, orthogonal packing},
  pages = {657--666}
}

@article{christensen:2017,
  title = {Approximation and online algorithms for multidimensional bin packing: {A} survey},
  volume = {24},
  issn = {1574-0137},
  shorttitle = {Approximation and online algorithms for multidimensional bin packing},
  url = {http://www.sciencedirect.com/science/article/pii/S1574013716301356},
  doi = {10.1016/j.cosrev.2016.12.001},
  language = {en},
  urldate = {2020-10-31},
  journal = {Computer Science Review},
  author = {Christensen, Henrik I. and Khan, Arindam and Pokutta, Sebastian and Tetali, Prasad},
  month = may,
  year = {2017},
  pages = {63--79}
}

@article{leung:1990,
  title = {Packing squares into a square},
  volume = {10},
  issn = {0743-7315},
  url = {http://www.sciencedirect.com/science/article/pii/074373159090019L},
  doi = {10.1016/0743-7315(90)90019-L},
  language = {en},
  number = {3},
  urldate = {2020-11-08},
  journal = {Journal of Parallel and Distributed Computing},
  author = {Leung, Joseph Y-T. and Tam, Tommy W. and Wong, C. S. and Young, Gilbert H. and Chin, Francis Y. L.},
  month = nov,
  year = {1990},
  pages = {271--275}
}


@inproceedings{galvez:2017,
  title = {Approximating {Geometric} {Knapsack} via {L}-{Packings}},
  doi = {10.1109/FOCS.2017.32},
  booktitle = {2017 {IEEE} 58th {Annual} {Symposium} on {Foundations} of {Computer} {Science} ({FOCS})},
  author = {Gálvez, W. and Grandoni, F. and Heydrich, S. and Ingala, S. and Khan, A. and Wiese, A.},
  month = oct,
  year = {2017},
  note = {ISSN: 0272-5428},
  pages = {260--271}
}


@article{silva:2010,
  title = {An integer programming model for two- and three-stage two-dimensional cutting stock problems},
  volume = {205},
  issn = {0377-2217},
  url = {http://www.sciencedirect.com/science/article/pii/S0377221710000731},
  doi = {10.1016/j.ejor.2010.01.039},
  number = {3},
  urldate = {2019-09-06},
  journal = {European Journal of Operational Research},
  author = {Silva, Elsa and Alvelos, Filipe and Valério de Carvalho, J. M.},
  month = sep,
  year = {2010},
  keywords = {Cutting, Integer programming, 2D rectangular SSSCSP with guillotine constraints, Length of the cutting operations},
  pages = {699--708}
}


@article{puchinger:2007,
  title = {Models and algorithms for three-stage two-dimensional bin packing},
  volume = {183},
  issn = {0377-2217},
  url = {http://www.sciencedirect.com/science/article/pii/S0377221706003067},
  doi = {10.1016/j.ejor.2005.11.064},
  number = {3},
  urldate = {2019-03-26},
  journal = {European Journal of Operational Research},
  author = {Puchinger, Jakob and Raidl, Günther R.},
  month = dec,
  year = {2007},
  keywords = {Column generation, Metaheuristics, Branch-and-price, Evolutionary algorithms, Hybrid algorithms, Two-dimensional bin-packing},
  pages = {1304--1327}
}


@article{bagchi:1993,
  title = {Best-{First} {Search} {Methods} for {Constrained} {Two}-{Dimensional} {Cutting} {Stock} {Problems}},
  volume = {41},
  issn = {0030-364X},
  url = {https://pubsonline.informs.org/doi/abs/10.1287/opre.41.4.768},
  doi = {10.1287/opre.41.4.768},
  number = {4},
  urldate = {2020-11-06},
  journal = {Operations Research},
  author = {Viswanathan, K. V. and Bagchi, A.},
  month = aug,
  year = {1993},
  pages = {768--776}
}


@article{yoon:2013,
  title = {An improved best-first branch-and-bound algorithm for constrained two-dimensional guillotine cutting problems},
  volume = {51},
  issn = {0020-7543},
  url = {https://doi.org/10.1080/00207543.2012.693965},
  doi = {10.1080/00207543.2012.693965},
  number = {6},
  urldate = {2019-05-23},
  journal = {International Journal of Production Research},
  author = {Yoon, K. and Ahn, S. and Kang, M.},
  month = mar,
  year = {2013},
  keywords = {cutting problem, branch and bound, constrained two-dimensional cutting, guillotine cutting pattern, optimisation},
  pages = {1680--1693}
}


@article{morabito:1996,
  title = {Staged and constrained two-dimensional guillotine cutting problems: {An} {AND}/{OR}-graph approach},
  volume = {94},
  issn = {0377-2217},
  shorttitle = {Staged and constrained two-dimensional guillotine cutting problems},
  url = {http://www.sciencedirect.com/science/article/pii/037722179500128X},
  doi = {10.1016/0377-2217(95)00128-X},
  language = {en},
  number = {3},
  urldate = {2020-11-06},
  journal = {European Journal of Operational Research},
  author = {Morabito, Reinaldo and Arenales, Marcos N.},
  month = nov,
  year = {1996},
  keywords = {Cutting and packing problems, AND/OR-graph search, Branch and bound method},
  pages = {548--560}
}


@article{clautiaux:2018,
  title = {Combining dynamic programming with filtering to solve a four-stage two-dimensional guillotine-cut bounded knapsack problem},
  volume = {29},
  issn = {1572-5286},
  url = {http://www.sciencedirect.com/science/article/pii/S1572528617301408},
  doi = {10.1016/j.disopt.2018.02.003},
  language = {en},
  urldate = {2020-08-28},
  journal = {Discrete Optimization},
  author = {Clautiaux, François and Sadykov, Ruslan and Vanderbeck, François and Viaud, Quentin},
  month = aug,
  year = {2018},
  keywords = {Dynamic programming, Cutting and packing, Lagrangian filtering, Reduced-cost fixing},
  pages = {18--44}
}

@article{pessoa:2020,
  title = {A generic exact solver for vehicle routing and related problems},
  volume = {183},
  issn = {1436-4646},
  url = {https://doi.org/10.1007/s10107-020-01523-z},
  doi = {10.1007/s10107-020-01523-z},
  language = {en},
  number = {1},
  urldate = {2020-11-10},
  journal = {Mathematical Programming},
  author = {Pessoa, Artur and Sadykov, Ruslan and Uchoa, Eduardo and Vanderbeck, François},
  month = sep,
  year = {2020},
  pages = {483--523}
}

@article{alvarez:2002:LP,
  title = {A computational study of {LP}-based heuristic algorithms for two-dimensional guillotine cutting stock problems},
  volume = {24},
  issn = {1436-6304},
  url = {https://doi.org/10.1007/s00291-002-0093-3},
  doi = {10.1007/s00291-002-0093-3},
  language = {en},
  number = {2},
  urldate = {2020-11-10},
  journal = {OR Spectrum},
  author = {Alvarez-Valdes, Ramon and Parajon, Antonio and Tamarit, Jose M.},
  month = may,
  year = {2002},
  pages = {179--192}
}

@article{furini:2013,
  title = {Models for the two-dimensional two-stage cutting stock problem with multiple stock size},
  volume = {40},
  issn = {0305-0548},
  url = {http://www.sciencedirect.com/science/article/pii/S0305054813000749},
  doi = {10.1016/j.cor.2013.02.026},
  number = {8},
  urldate = {2019-09-06},
  journal = {Computers \& Operations Research},
  author = {Furini, Fabio and Malaguti, Enrico},
  month = aug,
  year = {2013},
  pages = {1953--1962}
}


@article{macedo:2010,
  title = {Arc-flow model for the two-dimensional guillotine cutting stock problem},
  volume = {37},
  issn = {0305-0548},
  url = {http://www.sciencedirect.com/science/article/pii/S0305054809002007},
  doi = {10.1016/j.cor.2009.08.005},
  number = {6},
  urldate = {2019-03-26},
  journal = {Computers \& Operations Research},
  author = {Macedo, Rita and Alves, Cláudio and Valério de Carvalho, J. M.},
  month = jun,
  year = {2010},
  pages = {991--1001}
}

